<?xml version="1.0" encoding="UTF-8"?><collection xmlns="http://www.loc.gov/MARC21/slim"><record><leader>00397nam--2200133-i-4500</leader><controlfield tag="001">000048088</controlfield><controlfield tag="002">20161230</controlfield><controlfield tag="005">20161230201046</controlfield><controlfield tag="008">060222s1000------------r-----000-0-eng-d</controlfield><datafield ind1=" " ind2=" " tag="080"><subfield code="a">621.039.53</subfield></datafield><datafield ind1=" " ind2=" " tag="100"><subfield code="a">Zudans, Z, Yen, T.C., Steigelmann, W.H</subfield></datafield><datafield ind1=" " ind2=" " tag="245"><subfield code="a">Thermal stress techniques in the nuclear industry</subfield></datafield><datafield ind1=" " ind2=" " tag="260"><subfield code="a">New York, American Elsevier Publ.Co., Inc., 1965, Xxii + 583p</subfield></datafield><datafield ind1=" " ind2=" " tag="852"><subfield code="a">22112</subfield></datafield></record></collection>